4134 4984
1054 374 1222 501 Αρ-

1013 621 1167 722 mn.
1207 621 1262 753 4,

788 826 981 887 CORYLUS
1011 827 1379 888 HETEROPHYLLA.
1411 838 1505 882 nuncu.

490 995 622 1078 Corculum
642 997 855 1078 beteropltplla
875 996 997 1062 Frscn.
1012 1036 1048 1045 -
1068 999 1188 1063 Tucca.
1214 996 1316 1062 Outul.
1332 997 1379 1080 pl.
1401 997 1496 1076 baia,
1518 998 1571 1062 in:
1592 995 1710 1063 uellet.
1732 999 1771 1064 de
1792 1000 1825 1065 ln
1837 999 1908 1066 Soc.

361 1108 415 1170 dea
436 1103 554 1168 Nutur.
577 1105 615 1169 de
635 1105 738 1169 Maec.
758 1105 872 1170 1838.
893 1107 957 1171 Nr.
978 1105 1009 1170 Ι.
1027 1127 1061 1189 p.
1084 1105 1161 1170 101.
1192 1142 1233 1153 -
1253 1103 1407 1170 Bassus:
1434 1103 1534 1168 Ueber
1555 1101 1606 1168 die
1626 1102 1723 1170 Flora
1744 1107 1799 1171 dee
1819 1104 1906 1172 Bai·

360 1208 446 1287 baie,
468 1209 523 1275 in:
543 1209 646 1275 Beibl.
667 1232 727 1275 sur
748 1209 852 1277 Flora
872 1212 935 1278 Bd.
956 1212 987 1276 1.
1009 1212 1120 1277 1834.

486 1316 617 1398 Cotylae
638 1319 826 1402 ietrupbplln
853 1316 973 1403 (error.
992 1318 1194 1405 typnqrnplr.)
1217 1317 1344 1383 Lunna.
1371 1317 1533 1382 Commeat.
1556 1315 1590 1381 in
1614 1316 1768 1380 Gnaeum
1784 1316 1833 1382 Fi.
1849 1319 1899 1382 ai-

360 1423 419 1486 be'r.
434 1443 513 1509 pap.
534 1424 600 1488 68.

486 1529 617 1609 corylus
638 1529 793 1595 Auellann
814 1551 884 1596 aar.
915 1532 1068 1596 decanica
1088 1530 1247 1618 fructibus
1263 1530 1469 1616 pereuiqutb,
1488 1527 1646 1615 plebeae·
1658 1527 1775 1592 retusis
1795 1534 1827 1593 et
1844 1529 1900 1616 fo-

360 1633 414 1697 uu
434 1633 604 1699 minorum
624 1636 721 1701 nna
765 1636 820 1702 nn.
842 1619 924 1703 rost.
944 1639 1030 1703 auec.
1051 1637 1124 1702 mun.
1146 1636 1176 1702 1.
1197 1639 1235 1701 2.
1263 1657 1296 1719 ρ.
1317 1637 1378 1700 aa.

486 1737 617 1822 Gorgiae
637 1742 763 1824 etepulie
785 1743 906 1822 oculta,
929 1744 1064 1823 obtutis,
1089 1747 1197 1809 (luna.
1219 1743 1274 1809 ut.
1294 1743 1384 1810 aibir.
1406 1741 1436 1805 Ι.
1453 1762 1485 1824 p.
1509 1740 1589 1806 150.
1612 1740 1674 1803 Nr.
1697 1741 1735 1803 2.

482 1888 595 1938 Habitat
615 1890 649 1937 ad
669 1891 696 1939 u.
715 1891 823 1955 Argum

486 2016 575 2078 Rami
596 2018 711 2081 novelli
731 2038 821 2097 parce
842 2020 1050 2099 pubescentes.
1091 2022 1180 2085 Folia
1200 2021 1322 2083 circiter
1341 2017 1556 2095 2-uucialia,
1585 2014 1808 2097 subquadrata,
1835 2018 1900 2095 pari

362 2124 424 2184 lere
446 2121 604 2209 latitudine
624 2131 712 2203 atque
732 2125 940 2208 longitudine,
962 2127 1048 2207 apice
1070 2127 1230 2202 latissima,
1252 2133 1398 2203 truncata,
1420 2133 1524 2186 retusa
1544 2141 1609 2185 cnm
1631 2123 1770 2184 acumine
1791 2121 1899 2184 latius-

361 2232 455 2307 cule,
477 2231 568 2309 longe
592 2228 757 2308 producto,
777 2231 924 2294 lateribus
945 2232 1105 2312 parallelis
1127 2233 1176 2295 vel
1198 2232 1287 2295 basin
1308 2249 1414 2294 versus
1436 2248 1541 2308 parum
1565 2226 1814 2306 conniventibus,
1836 2228 1899 2290 basi

361 2334 493 2411 cordata,
515 2336 653 2416 margine
675 2336 794 2418 ubique,
818 2347 944 2418 excepta
965 2339 1032 2401 basi
1052 2341 1123 2416 ima,
1144 2338 1344 2419 inaequaliter
1364 2343 1493 2411 serrata,
1508 2335 1646 2414 utrinque
1667 2333 1787 2411 viridia,
1808 2354 1900 2414 supra

360 2439 488 2521 glabra,
510 2441 615 2504 subtus
640 2444 670 2504 in
692 2444 795 2508 nervis
816 2463 907 2522 parce
929 2445 1138 2526 pubescentia.
1179 2445 1308 2508 Amenta
1336 2442 1470 2504 mascula
1497 2439 1642 2503 axillaria
1663 2450 1692 2501 et
1713 2440 1899 2515 terminalia,

361 2546 435 2607 bina
454 2555 594 2622 ternave,
615 2546 734 2609 demum
758 2549 908 2628 pendula,
931 2549 1065 2613 breviter
1086 2548 1296 2631 pedunculata.
1349 2547 1484 2627 Cnpulae
1505 2546 1537 2608 in
1560 2545 1646 2626 apice
1668 2564 1821 2608 ramerum
1842 2565 1899 2628 ag-

363 2660 523 2731 gregatae,
545 2651 771 2732 pleiophyllac,
792 2653 910 2718 foliolis
939 2658 961 2717 2
988 2656 1129 2720 maximis
1154 2675 1259 2717 nucem
1286 2653 1475 2736 lungitudine
1497 2652 1714 2733 latitudineque
1735 2652 1826 2732 longe
1846 2670 1899 2714 su-

362 2756 557 2834 perantibus,
579 2758 834 2839 suburbieulatis,
857 2762 995 2842 margine
1018 2781 1126 2843 grosse
1148 2770 1177 2823 et
1198 2760 1398 2840 inaequaliter
1417 2758 1565 2835 serratis,
1594 2759 1680 2837 apice
1709 2758 1898 2837 patentibus;

365 2861 483 2924 foliolis
505 2864 631 2944 reliquis
653 2866 796 2943 minutis,
819 2868 970 2945 maeatis,
991 2870 1076 2948 apice
1098 2867 1267 2931 rotundatis
1290 2875 1319 2929 et
1340 2865 1485 2942 serratis,
1516 2865 1661 2928 lateribus
1688 2864 1898 2947 integerrimis.

365 2966 436 3028 Nux
466 2967 533 3029 basi
563 2970 709 3052 apiceque
740 2992 847 3053 parum
879 2972 1040 3054 depressa,
1069 2972 1156 3052 apice
1189 2971 1366 3035 brevissime
1394 2969 1572 3052 cuspidata,
1602 2970 1739 3034 obsoleta
1761 2980 1791 3033 et
1810 2989 1899 3050 parce

364 3072 485 3152 striata,
507 3077 708 3142 transversali
729 3078 878 3143 diametro
901 3079 1152 3162 lungitudinalem
1174 3080 1278 3159 paullo
1300 3088 1473 3157 superante.

488 3205 646 3269 Delineari
675 3207 713 3270 ad
743 3210 913 3291 specimina
938 3211 1133 3292 Argunensia
1160 3209 1250 3272 sicca.
1278 3241 1319 3255 -
1340 3229 1371 3273 n.
1394 3208 1521 3270 Amenta
1542 3207 1676 3269 mascula
1697 3222 1738 3265 m.
1760 3214 1838 3277 nat.;
1862 3240 1898 3250 -

365 3306 393 3369 b.
416 3312 528 3391 cupula
548 3332 588 3374 m.
609 3322 689 3387 nat.;
711 3350 749 3360 -
772 3333 798 3379 c.
819 3334 882 3378 nux
903 3333 943 3379 m.
962 3325 1026 3381 nat.

1012 3557 1163 3657 Tau.
1206 3555 1255 3656 5.

858 3765 1036 3823 BETULA
1069 3765 1270 3825 GMELlNl.
1300 3770 1407 3816 aunan.

483 3908 602 3973 Betula
621 3907 757 3972 (lmelc'ae'
775 3907 896 3972 Banna
918 3908 1028 3992 Suppl.
1050 3909 1094 3974 ad
1113 3905 1167 3972 lu,
1189 3907 1245 3973 alt.
1263 3927 1297 3989 p.
1320 3907 1398 3972 113.
1423 3907 1476 3989 (in
1496 3906 1712 3983 obseruatione
1733 3907 1777 3970 au
1795 3904 1896 3969 Beta-

362 4016 422 4078 lnm
441 4013 701 4096 micropbyllam).
725 4048 765 4060 -
791 4011 910 4079 Tanna.
934 4015 1037 4082 Calui.
1053 4018 1099 4099 pl.
1127 4018 1252 4096 bairai,
1278 4018 1333 4082 ia:
1353 4017 1472 4082 uelut.
1499 4018 1538 4083 de
1558 4016 1591 4081 ln
1613 4015 1682 4081 Sor.
1704 4015 1761 4079 dee
1780 4015 1897 4080 Natur.
2017 4074 2018 4125 q

363 4120 400 4181 de
422 4117 523 4183 Maec.
547 4120 659 4184 1838.
682 4120 745 4183 Nr.
768 4122 798 4184 1.
815 4141 850 4202 p.
872 4119 951 4185 101.
971 4156 1011 4167 -
1032 4121 1160 4186 Lunna.
1191 4121 1352 4190 comment.
1373 4123 1407 4187 a'a
1431 4123 1539 4186 (lune.
1567 4120 1622 4187 ut.
1642 4119 1733 4186 cebir.
1753 4142 1786 4203 p.
1806 4120 1862 4187 59.
