<?xml version="1.0" encoding="UTF-8"?>
<!DOCTYPE html PUBLIC "-//W3C//DTD XHTML 1.0 Transitional//EN"
    "http://www.w3.org/TR/xhtml1/DTD/xhtml1-transitional.dtd">
<html xmlns="http://www.w3.org/1999/xhtml" xml:lang="en" lang="en">
 <head>
  <title>
</title>
<meta http-equiv="Content-Type" content="text/html;charset=utf-8" />
  <meta name='ocr-system' content='tesseract 3.04.00' />
  <meta name='ocr-capabilities' content='ocr_page ocr_carea ocr_par ocr_line ocrx_word'/>
</head>
<body>
  <div class='ocr_page' id='page_1' title='image "./plantarumimagin00traugoog_0011.png"; bbox 0 0 4134 4984; ppageno 0'>
   <div class='ocr_carea' id='block_1_1' title="bbox 1090 470 1116 549">
    <p class='ocr_par' dir='ltr' id='par_1_1' title="bbox 1090 470 1116 549">
     <span class='ocr_line' id='line_1_1' title="bbox 1090 470 1116 549; baseline 0 0"><span class='ocrx_word' id='word_1_1' title='bbox 1090 470 1116 549; x_wconf 83' lang='grc'><strong>6</strong></span> 
     </span>
    </p>
   </div>
   <div class='ocr_carea' id='block_1_2' title="bbox 336 697 1882 1038">
    <p class='ocr_par' dir='ltr' id='par_1_2' title="bbox 336 697 1882 1038">
     <span class='ocr_line' id='line_1_2' title="bbox 336 697 1882 805; baseline -0.001 -28"><span class='ocrx_word' id='word_1_2' title='bbox 336 704 537 805; x_wconf 78' lang='lat' dir='ltr'>praecipue</span> <span class='ocrx_word' id='word_1_3' title='bbox 570 702 750 801; x_wconf 79' lang='lat' dir='ltr'>imagines</span> <span class='ocrx_word' id='word_1_4' title='bbox 782 700 961 777; x_wconf 83' lang='lat' dir='ltr'>exlribere</span> <span class='ocrx_word' id='word_1_5' title='bbox 996 701 1153 779; x_wconf 81' lang='lat' dir='ltr'><strong>studebo</strong></span> <span class='ocrx_word' id='word_1_6' title='bbox 1183 697 1407 800; x_wconf 87' lang='lat' dir='ltr'>plantarum,</span> <span class='ocrx_word' id='word_1_7' title='bbox 1443 723 1538 797; x_wconf 89' lang='lat' dir='ltr'>qnae</span> <span class='ocrx_word' id='word_1_8' title='bbox 1563 725 1672 777; x_wconf 90' lang='lat' dir='ltr'>rarae</span> <span class='ocrx_word' id='word_1_9' title='bbox 1696 701 1793 796; x_wconf 86' lang='lat' dir='ltr'>sint,</span> <span class='ocrx_word' id='word_1_10' title='bbox 1819 714 1882 778; x_wconf 86' lang='lat' dir='ltr'>aut</span> 
     </span>
     <span class='ocr_line' id='line_1_3' title="bbox 337 822 1882 925; baseline 0.001 -25"><span class='ocrx_word' id='word_1_11' title='bbox 337 850 486 924; x_wconf 88' lang='lat' dir='ltr'>quarum</span> <span class='ocrx_word' id='word_1_12' title='bbox 510 847 583 900; x_wconf 93' lang='lat' dir='ltr'>non</span> <span class='ocrx_word' id='word_1_13' title='bbox 609 834 759 901; x_wconf 85' lang='lat' dir='ltr'>exstent</span> <span class='ocrx_word' id='word_1_14' title='bbox 783 825 1054 925; x_wconf 81' lang='lat' dir='ltr'><strong>descriptiones</strong></span> <span class='ocrx_word' id='word_1_15' title='bbox 1079 824 1350 924; x_wconf 88' lang='lat' dir='ltr'>diagnosesve,</span> <span class='ocrx_word' id='word_1_16' title='bbox 1376 822 1473 900; x_wconf 89' lang='lat' dir='ltr'>sicut</span> <span class='ocrx_word' id='word_1_17' title='bbox 1497 824 1669 917; x_wconf 83' lang='lat' dir='ltr'>omnimo,</span> <span class='ocrx_word' id='word_1_18' title='bbox 1705 848 1795 922; x_wconf 88' lang='lat' dir='ltr'>quas</span> <span class='ocrx_word' id='word_1_19' title='bbox 1821 827 1882 901; x_wconf 87' lang='lat' dir='ltr'>vi·</span> 
     </span>
     <span class='ocr_line' id='line_1_4' title="bbox 337 948 980 1038; baseline -0.011 -11"><span class='ocrx_word' id='word_1_20' title='bbox 337 949 469 1038; x_wconf 90' lang='lat' dir='ltr'>derirn,</span> <span class='ocrx_word' id='word_1_21' title='bbox 494 949 710 1025; x_wconf 86' lang='lat' dir='ltr'>novitiarum</span> <span class='ocrx_word' id='word_1_22' title='bbox 733 948 980 1023; x_wconf 81' lang='lat' dir='ltr'>Russicarum.</span> 
     </span>
    </p>
   </div>
   <div class='ocr_carea' id='block_1_3' title="bbox 339 1144 1883 1863">
    <p class='ocr_par' dir='ltr' id='par_1_3' title="bbox 339 1144 1883 1863">
     <span class='ocr_line' id='line_1_5' title="bbox 485 1144 1879 1245; baseline -0.001 -24"><span class='ocrx_word' id='word_1_23' title='bbox 485 1145 578 1221; x_wconf 71' lang='lat' dir='ltr'>&#39;lum</span> <span class='ocrx_word' id='word_1_24' title='bbox 611 1146 651 1220; x_wconf 93' lang='lat' dir='ltr'>in</span> <span class='ocrx_word' id='word_1_25' title='bbox 681 1144 840 1245; x_wconf 84' lang='lat' dir='ltr'>singulis</span> <span class='ocrx_word' id='word_1_26' title='bbox 870 1144 1007 1245; x_wconf 88' lang='lat' dir='ltr'>plantis</span> <span class='ocrx_word' id='word_1_27' title='bbox 1041 1168 1089 1224; x_wconf 89' lang='lat' dir='ltr'>ea</span> <span class='ocrx_word' id='word_1_28' title='bbox 1119 1155 1255 1221; x_wconf 89' lang='lat' dir='ltr'>tantum</span> <span class='ocrx_word' id='word_1_29' title='bbox 1287 1144 1482 1245; x_wconf 78' lang='lat' dir='ltr'><strong>depingam</strong></span> <span class='ocrx_word' id='word_1_30' title='bbox 1518 1157 1556 1219; x_wconf 87' lang='lat' dir='ltr'>et</span> <span class='ocrx_word' id='word_1_31' title='bbox 1581 1168 1628 1221; x_wconf 93' lang='lat' dir='ltr'>ea</span> <span class='ocrx_word' id='word_1_32' title='bbox 1654 1145 1879 1240; x_wconf 77' lang='lat' dir='ltr'>describam,</span> 
     </span>
     <span class='ocr_line' id='line_1_6' title="bbox 339 1267 1882 1369; baseline 0.001 -26"><span class='ocrx_word' id='word_1_33' title='bbox 339 1292 434 1367; x_wconf 88' lang='lat' dir='ltr'>qnae</span> <span class='ocrx_word' id='word_1_34' title='bbox 457 1269 540 1369; x_wconf 88' lang='lat' dir='ltr'>ipse</span> <span class='ocrx_word' id='word_1_35' title='bbox 565 1267 711 1344; x_wconf 88' lang='lat' dir='ltr'>videam</span> <span class='ocrx_word' id='word_1_36' title='bbox 736 1277 800 1343; x_wconf 92' lang='lat' dir='ltr'>aut</span> <span class='ocrx_word' id='word_1_37' title='bbox 830 1267 995 1344; x_wconf 86' lang='lat' dir='ltr'>viderim.</span> <span class='ocrx_word' id='word_1_38' title='bbox 1049 1267 1191 1358; x_wconf 83' lang='lat' dir='ltr'><strong>Quodsi</strong></span> <span class='ocrx_word' id='word_1_39' title='bbox 1226 1268 1497 1368; x_wconf 79' lang='lat' dir='ltr'>descriptiones</span> <span class='ocrx_word' id='word_1_40' title='bbox 1530 1275 1567 1343; x_wconf 93' lang='lat' dir='ltr'>et</span> <span class='ocrx_word' id='word_1_41' title='bbox 1595 1269 1775 1366; x_wconf 76' lang='lat' dir='ltr'>imagines</span> <span class='ocrx_word' id='word_1_42' title='bbox 1810 1269 1882 1345; x_wconf 91' lang='lat' dir='ltr'>hac</span> 
     </span>
     <span class='ocr_line' id='line_1_7' title="bbox 340 1390 1881 1492; baseline -0.001 -25"><span class='ocrx_word' id='word_1_43' title='bbox 340 1392 481 1468; x_wconf 91' lang='lat' dir='ltr'>ratione</span> <span class='ocrx_word' id='word_1_44' title='bbox 506 1390 643 1492; x_wconf 87' lang='lat' dir='ltr'>passim</span> <span class='ocrx_word' id='word_1_45' title='bbox 669 1391 885 1467; x_wconf 87' lang='lat' dir='ltr'>necessario</span> <span class='ocrx_word' id='word_1_46' title='bbox 919 1391 1157 1490; x_wconf 76' lang='lat' dir='ltr'>imperfectae</span> <span class='ocrx_word' id='word_1_47' title='bbox 1186 1391 1397 1481; x_wconf 88' lang='lat' dir='ltr'>manebunt,</span> <span class='ocrx_word' id='word_1_48' title='bbox 1430 1398 1548 1465; x_wconf 90' lang='lat' dir='ltr'>tamen</span> <span class='ocrx_word' id='word_1_49' title='bbox 1584 1391 1763 1466; x_wconf 84' lang='lat' dir='ltr'>certiores·</span> <span class='ocrx_word' id='word_1_50' title='bbox 1799 1392 1881 1488; x_wconf 90' lang='lat' dir='ltr'>qui·</span> 
     </span>
     <span class='ocr_line' id='line_1_8' title="bbox 339 1513 1881 1615; baseline -0.001 -23"><span class='ocrx_word' id='word_1_51' title='bbox 339 1515 421 1592; x_wconf 92' lang='lat' dir='ltr'>dem</span> <span class='ocrx_word' id='word_1_52' title='bbox 445 1514 543 1590; x_wconf 81' lang='lat' dir='ltr'>fient.</span> <span class='ocrx_word' id='word_1_53' title='bbox 581 1514 671 1590; x_wconf 91' lang='lat' dir='ltr'>Nec</span> <span class='ocrx_word' id='word_1_54' title='bbox 695 1515 733 1589; x_wconf 93' lang='lat' dir='ltr'>in</span> <span class='ocrx_word' id='word_1_55' title='bbox 757 1514 962 1591; x_wconf 79' lang='lat' dir='ltr'>tractandis</span> <span class='ocrx_word' id='word_1_56' title='bbox 986 1513 1143 1615; x_wconf 90' lang='lat' dir='ltr'>singulis</span> <span class='ocrx_word' id='word_1_57' title='bbox 1167 1513 1303 1614; x_wconf 87' lang='lat' dir='ltr'>plantis</span> <span class='ocrx_word' id='word_1_58' title='bbox 1329 1537 1402 1588; x_wconf 95' lang='lat' dir='ltr'>non</span> <span class='ocrx_word' id='word_1_59' title='bbox 1428 1514 1712 1590; x_wconf 90' lang='lat' dir='ltr'>counuernorabo</span> <span class='ocrx_word' id='word_1_60' title='bbox 1738 1514 1881 1592; x_wconf 88' lang='lat' dir='ltr'>alieno·</span> 
     </span>
     <span class='ocr_line' id='line_1_9' title="bbox 341 1636 1883 1739; baseline 0.001 -27"><span class='ocrx_word' id='word_1_61' title='bbox 341 1663 415 1712; x_wconf 91' lang='lat' dir='ltr'>rum</span> <span class='ocrx_word' id='word_1_62' title='bbox 441 1660 589 1739; x_wconf 92' lang='lat' dir='ltr'>operum</span> <span class='ocrx_word' id='word_1_63' title='bbox 612 1636 719 1713; x_wconf 89' lang='lat' dir='ltr'>locos</span> <span class='ocrx_word' id='word_1_64' title='bbox 745 1640 793 1714; x_wconf 92' lang='lat' dir='ltr'>ad</span> <span class='ocrx_word' id='word_1_65' title='bbox 818 1637 904 1714; x_wconf 85' lang='lat' dir='ltr'>illas</span> <span class='ocrx_word' id='word_1_66' title='bbox 928 1639 1170 1739; x_wconf 87' lang='lat' dir='ltr'>pertinentes,</span> <span class='ocrx_word' id='word_1_67' title='bbox 1196 1646 1245 1728; x_wconf 84' lang='lat' dir='ltr'>ut,</span> <span class='ocrx_word' id='word_1_68' title='bbox 1272 1661 1365 1735; x_wconf 91' lang='lat' dir='ltr'>quae</span> <span class='ocrx_word' id='word_1_69' title='bbox 1383 1662 1433 1713; x_wconf 83' lang='lat' dir='ltr'>ex</span> <span class='ocrx_word' id='word_1_70' title='bbox 1454 1637 1774 1715; x_wconf 85' lang='lat' dir='ltr'>observationibus</span> <span class='ocrx_word' id='word_1_71' title='bbox 1789 1637 1883 1713; x_wconf 90' lang='lat' dir='ltr'>alie-</span> 
     </span>
     <span class='ocr_line' id='line_1_10' title="bbox 342 1760 1408 1863; baseline 0.001 -29"><span class='ocrx_word' id='word_1_72' title='bbox 342 1762 399 1835; x_wconf 92' lang='lat' dir='ltr'>nis</span> <span class='ocrx_word' id='word_1_73' title='bbox 423 1760 600 1860; x_wconf 89' lang='lat' dir='ltr'>potuerim</span> <span class='ocrx_word' id='word_1_74' title='bbox 629 1762 797 1855; x_wconf 87' lang='lat' dir='ltr'>mutuari,</span> <span class='ocrx_word' id='word_1_75' title='bbox 826 1762 908 1862; x_wconf 90' lang='lat' dir='ltr'>ipse</span> <span class='ocrx_word' id='word_1_76' title='bbox 933 1763 1087 1861; x_wconf 89' lang='lat' dir='ltr'>quisque</span> <span class='ocrx_word' id='word_1_77' title='bbox 1111 1762 1266 1863; x_wconf 91' lang='lat' dir='ltr'>reperiri</span> <span class='ocrx_word' id='word_1_78' title='bbox 1290 1771 1408 1860; x_wconf 80' lang='lat' dir='ltr'>queat</span> 
     </span>
    </p>
   </div>
   <div class='ocr_carea' id='block_1_4' title="bbox 292 1957 1882 2801">
    <p class='ocr_par' dir='ltr' id='par_1_4' title="bbox 487 1957 1881 2062">
     <span class='ocr_line' id='line_1_11' title="bbox 487 1957 1881 2062; baseline 0.001 -27"><span class='ocrx_word' id='word_1_79' title='bbox 487 1957 715 2037; x_wconf 86' lang='lat' dir='ltr'>Postremum</span> <span class='ocrx_word' id='word_1_80' title='bbox 748 1960 919 2061; x_wconf 88' lang='lat' dir='ltr'>imprimis</span> <span class='ocrx_word' id='word_1_81' title='bbox 949 1961 988 2037; x_wconf 93' lang='lat' dir='ltr'>id</span> <span class='ocrx_word' id='word_1_82' title='bbox 1018 1970 1165 2062; x_wconf 89' lang='lat' dir='ltr'>specto,</span> <span class='ocrx_word' id='word_1_83' title='bbox 1200 1969 1239 2035; x_wconf 86' lang='lat' dir='ltr'>ut</span> <span class='ocrx_word' id='word_1_84' title='bbox 1268 1959 1342 2035; x_wconf 90' lang='lat' dir='ltr'>hoc</span> <span class='ocrx_word' id='word_1_85' title='bbox 1375 1981 1468 2059; x_wconf 91' lang='lat' dir='ltr'>opus</span> <span class='ocrx_word' id='word_1_86' title='bbox 1499 1959 1664 2035; x_wconf 90' lang='lat' dir='ltr'>omnibns</span> <span class='ocrx_word' id='word_1_87' title='bbox 1688 1958 1881 2037; x_wconf 84' lang='lat' dir='ltr'>herbariae</span> 
     </span>
    </p>

    <p class='ocr_par' dir='ltr' id='par_1_5' title="bbox 338 2079 1882 2182">
     <span class='ocr_line' id='line_1_12' title="bbox 338 2079 1882 2182; baseline 0.003 -27"><span class='ocrx_word' id='word_1_88' title='bbox 338 2079 515 2155; x_wconf 85' lang='lat' dir='ltr'>studiosis</span> <span class='ocrx_word' id='word_1_89' title='bbox 539 2081 706 2180; x_wconf 90' lang='lat' dir='ltr'>parabile</span> <span class='ocrx_word' id='word_1_90' title='bbox 737 2083 797 2157; x_wconf 85' lang='lat' dir='ltr'>sit</span> <span class='ocrx_word' id='word_1_91' title='bbox 850 2081 1035 2174; x_wconf 78' lang='lat' dir='ltr'>Quocirca</span> <span class='ocrx_word' id='word_1_92' title='bbox 1063 2084 1243 2182; x_wconf 81' lang='lat' dir='ltr'>imagines</span> <span class='ocrx_word' id='word_1_93' title='bbox 1277 2105 1383 2179; x_wconf 91' lang='lat' dir='ltr'>quam</span> <span class='ocrx_word' id='word_1_94' title='bbox 1413 2081 1705 2182; x_wconf 87' lang='lat' dir='ltr'>simplicissimas</span> <span class='ocrx_word' id='word_1_95' title='bbox 1736 2082 1882 2159; x_wconf 82' lang='lat' dir='ltr'>conieci</span> 
     </span>
    </p>

    <p class='ocr_par' dir='ltr' id='par_1_6' title="bbox 292 2202 1882 2300">
     <span class='ocr_line' id='line_1_13' title="bbox 292 2202 1882 2300; baseline 0.003 -24"><span class='ocrx_word' id='word_1_96' title='bbox 292 2223 296 2232; x_wconf 86' lang='grc'>’</span> <span class='ocrx_word' id='word_1_97' title='bbox 338 2226 457 2300; x_wconf 90' lang='lat' dir='ltr'>neque</span> <span class='ocrx_word' id='word_1_98' title='bbox 485 2202 662 2280; x_wconf 87' lang='lat' dir='ltr'>coloravi.</span> <span class='ocrx_word' id='word_1_99' title='bbox 712 2202 850 2279; x_wconf 90' lang='lat' dir='ltr'>Notum</span> <span class='ocrx_word' id='word_1_100' title='bbox 875 2215 933 2281; x_wconf 88' lang='lat' dir='ltr'>est</span> <span class='ocrx_word' id='word_1_101' title='bbox 959 2206 1054 2281; x_wconf 91' lang='lat' dir='ltr'>enirn</span> <span class='ocrx_word' id='word_1_102' title='bbox 1079 2205 1244 2279; x_wconf 88' lang='lat' dir='ltr'>ormribus</span> <span class='ocrx_word' id='word_1_103' title='bbox 1268 2202 1466 2297; x_wconf 78' lang='lat' dir='ltr'>berberiis,</span> <span class='ocrx_word' id='word_1_104' title='bbox 1499 2204 1635 2279; x_wconf 92' lang='lat' dir='ltr'>lumina</span> <span class='ocrx_word' id='word_1_105' title='bbox 1664 2214 1702 2279; x_wconf 92' lang='lat' dir='ltr'>et</span> <span class='ocrx_word' id='word_1_106' title='bbox 1727 2205 1882 2299; x_wconf 71' lang='lat' dir='ltr'>umbrae,</span> 
     </span>
    </p>

    <p class='ocr_par' dir='ltr' id='par_1_7' title="bbox 338 2326 1880 2429">
     <span class='ocr_line' id='line_1_14' title="bbox 338 2326 1880 2429; baseline 0.003 -30"><span class='ocrx_word' id='word_1_107' title='bbox 338 2327 435 2403; x_wconf 89' lang='lat' dir='ltr'>sicut</span> <span class='ocrx_word' id='word_1_108' title='bbox 460 2326 606 2402; x_wconf 88' lang='lat' dir='ltr'>colores</span> <span class='ocrx_word' id='word_1_109' title='bbox 629 2327 842 2426; x_wconf 80' lang='lat' dir='ltr'>imaginum,</span> <span class='ocrx_word' id='word_1_110' title='bbox 869 2353 974 2426; x_wconf 91' lang='lat' dir='ltr'>quum</span> <span class='ocrx_word' id='word_1_111' title='bbox 1001 2340 1254 2428; x_wconf 86' lang='lat' dir='ltr'>comparentur</span> <span class='ocrx_word' id='word_1_112' title='bbox 1286 2354 1364 2405; x_wconf 84' lang='lat' dir='ltr'>omn</span> <span class='ocrx_word' id='word_1_113' title='bbox 1389 2328 1544 2429; x_wconf 75' lang='lat' dir='ltr'>plantiS,</span> <span class='ocrx_word' id='word_1_114' title='bbox 1577 2327 1626 2404; x_wconf 89' lang='lat' dir='ltr'>ad</span> <span class='ocrx_word' id='word_1_115' title='bbox 1651 2338 1788 2403; x_wconf 84' lang='lat' dir='ltr'>certam</span> <span class='ocrx_word' id='word_1_116' title='bbox 1813 2326 1880 2403; x_wconf 93' lang='lat' dir='ltr'>de·</span> 
     </span>
    </p>

    <p class='ocr_par' dir='ltr' id='par_1_8' title="bbox 335 2449 1880 2553">
     <span class='ocr_line' id='line_1_15' title="bbox 335 2449 1880 2553; baseline 0.001 -30"><span class='ocrx_word' id='word_1_117' title='bbox 335 2449 532 2527; x_wconf 86' lang='lat' dir='ltr'>linitionem</span> <span class='ocrx_word' id='word_1_118' title='bbox 558 2461 621 2524; x_wconf 90' lang='lat' dir='ltr'>aut</span> <span class='ocrx_word' id='word_1_119' title='bbox 645 2475 769 2550; x_wconf 84' lang='lat' dir='ltr'>pamm</span> <span class='ocrx_word' id='word_1_120' title='bbox 795 2461 857 2526; x_wconf 92' lang='lat' dir='ltr'>aut</span> <span class='ocrx_word' id='word_1_121' title='bbox 882 2450 972 2526; x_wconf 92' lang='lat' dir='ltr'>nihil</span> <span class='ocrx_word' id='word_1_122' title='bbox 998 2452 1182 2529; x_wconf 85' lang='lat' dir='ltr'>conferre.</span> <span class='ocrx_word' id='word_1_123' title='bbox 1226 2452 1369 2543; x_wconf 82' lang='lat' dir='ltr'>Quodsi</span> <span class='ocrx_word' id='word_1_124' title='bbox 1392 2454 1572 2553; x_wconf 87' lang='lat' dir='ltr'>imagines</span> <span class='ocrx_word' id='word_1_125' title='bbox 1597 2462 1635 2529; x_wconf 94' lang='lat' dir='ltr'>et</span> <span class='ocrx_word' id='word_1_126' title='bbox 1660 2450 1880 2550; x_wconf 86' lang='lat' dir='ltr'>descriptio·</span> 
     </span>
    </p>

    <p class='ocr_par' dir='ltr' id='par_1_9' title="bbox 339 2571 1878 2801">
     <span class='ocr_line' id='line_1_16' title="bbox 339 2571 1878 2678; baseline 0.005 -35"><span class='ocrx_word' id='word_1_127' title='bbox 339 2594 406 2646; x_wconf 86' lang='lat' dir='ltr'>nes</span> <span class='ocrx_word' id='word_1_128' title='bbox 431 2594 535 2646; x_wconf 88' lang='lat' dir='ltr'>meae</span> <span class='ocrx_word' id='word_1_129' title='bbox 560 2571 716 2670; x_wconf 89' lang='lat' dir='ltr'>simplici</span> <span class='ocrx_word' id='word_1_130' title='bbox 739 2598 809 2656; x_wconf 87' lang='lat' dir='ltr'>sua</span> <span class='ocrx_word' id='word_1_131' title='bbox 839 2573 956 2650; x_wconf 81' lang='lat' dir='ltr'>forma</span> <span class='ocrx_word' id='word_1_132' title='bbox 986 2600 1102 2653; x_wconf 85' lang='lat' dir='ltr'>verae</span> <span class='ocrx_word' id='word_1_133' title='bbox 1133 2586 1256 2670; x_wconf 89' lang='lat' dir='ltr'>erunt,</span> <span class='ocrx_word' id='word_1_134' title='bbox 1288 2575 1415 2651; x_wconf 86' lang='lat' dir='ltr'>vilitas</span> <span class='ocrx_word' id='word_1_135' title='bbox 1446 2576 1588 2678; x_wconf 86' lang='lat' dir='ltr'>operis,</span> <span class='ocrx_word' id='word_1_136' title='bbox 1623 2578 1772 2675; x_wconf 87' lang='lat' dir='ltr'>opinor,</span> <span class='ocrx_word' id='word_1_137' title='bbox 1799 2574 1878 2652; x_wconf 89' lang='lat' dir='ltr'>ele·</span> 
     </span>
     <span class='ocr_line' id='line_1_17' title="bbox 340 2692 1512 2801; baseline 0.009 -38"><span class='ocrx_word' id='word_1_138' title='bbox 340 2692 487 2789; x_wconf 85' lang='lat' dir='ltr'>gantiae</span> <span class='ocrx_word' id='word_1_139' title='bbox 512 2702 690 2768; x_wconf 84' lang='lat' dir='ltr'>externae</span> <span class='ocrx_word' id='word_1_140' title='bbox 715 2695 899 2772; x_wconf 79' lang='lat' dir='ltr'>defectum</span> <span class='ocrx_word' id='word_1_141' title='bbox 923 2700 1015 2772; x_wconf 87' lang='lat' dir='ltr'>satis</span> <span class='ocrx_word' id='word_1_142' title='bbox 1040 2723 1225 2800; x_wconf 88' lang='lat' dir='ltr'>superque</span> <span class='ocrx_word' id='word_1_143' title='bbox 1252 2700 1512 2801; x_wconf 89' lang='lat' dir='ltr'>compensabit.</span> 
     </span>
    </p>
   </div>
   <div class='ocr_carea' id='block_1_5' title="bbox 343 2888 1880 3372">
    <p class='ocr_par' dir='ltr' id='par_1_10' title="bbox 343 2888 1880 3372">
     <span class='ocr_line' id='line_1_18' title="bbox 489 2888 1879 2998; baseline 0.004 -33"><span class='ocrx_word' id='word_1_144' title='bbox 489 2888 690 2991; x_wconf 71' lang='lat' dir='ltr'>divulgabo</span> <span class='ocrx_word' id='word_1_145' title='bbox 715 2891 787 2970; x_wconf 89' lang='lat' dir='ltr'>hoc</span> <span class='ocrx_word' id='word_1_146' title='bbox 821 2917 914 2995; x_wconf 91' lang='lat' dir='ltr'>opus</span> <span class='ocrx_word' id='word_1_147' title='bbox 944 2895 1102 2998; x_wconf 87' lang='lat' dir='ltr'>singulis</span> <span class='ocrx_word' id='word_1_148' title='bbox 1132 2896 1325 2976; x_wconf 79' lang='lat' dir='ltr'>fasciculis</span> <span class='ocrx_word' id='word_1_149' title='bbox 1360 2897 1548 2998; x_wconf 87' lang='lat' dir='ltr'>quinarum</span> <span class='ocrx_word' id='word_1_150' title='bbox 1583 2897 1784 2974; x_wconf 88' lang='lat' dir='ltr'>tabularum</span> <span class='ocrx_word' id='word_1_151' title='bbox 1820 2909 1879 2974; x_wconf 87' lang='lat' dir='ltr'>aut</span> 
     </span>
     <span class='ocr_line' id='line_1_19' title="bbox 343 3012 1880 3123; baseline 0.006 -36"><span class='ocrx_word' id='word_1_152' title='bbox 343 3012 534 3110; x_wconf 87' lang='lat' dir='ltr'>geminatis</span> <span class='ocrx_word' id='word_1_153' title='bbox 560 3013 753 3109; x_wconf 88' lang='lat' dir='ltr'>denarmn,</span> <span class='ocrx_word' id='word_1_154' title='bbox 778 3028 885 3116; x_wconf 85' lang='lat' dir='ltr'>prout</span> <span class='ocrx_word' id='word_1_155' title='bbox 918 3042 981 3097; x_wconf 89' lang='lat' dir='ltr'>res</span> <span class='ocrx_word' id='word_1_156' title='bbox 1010 3019 1201 3098; x_wconf 80' lang='lat' dir='ltr'>favebunt.</span> <span class='ocrx_word' id='word_1_157' title='bbox 1252 3021 1431 3100; x_wconf 86' lang='lat' dir='ltr'>Centenis</span> <span class='ocrx_word' id='word_1_158' title='bbox 1456 3044 1548 3099; x_wconf 88' lang='lat' dir='ltr'>vero</span> <span class='ocrx_word' id='word_1_159' title='bbox 1573 3021 1708 3097; x_wconf 88' lang='lat' dir='ltr'>tabulis</span> <span class='ocrx_word' id='word_1_160' title='bbox 1733 3022 1880 3123; x_wconf 88' lang='lat' dir='ltr'>singula</span> 
     </span>
     <span class='ocr_line' id='line_1_20' title="bbox 343 3132 1879 3246; baseline 0.01 -40"><span class='ocrx_word' id='word_1_161' title='bbox 343 3132 528 3211; x_wconf 88' lang='lat' dir='ltr'>volmnina</span> <span class='ocrx_word' id='word_1_162' title='bbox 551 3134 757 3213; x_wconf 89' lang='lat' dir='ltr'>efficiuntur</span> <span class='ocrx_word' id='word_1_163' title='bbox 781 3139 927 3240; x_wconf 89' lang='lat' dir='ltr'>operis,</span> <span class='ocrx_word' id='word_1_164' title='bbox 959 3144 1058 3241; x_wconf 90' lang='lat' dir='ltr'>quod</span> <span class='ocrx_word' id='word_1_165' title='bbox 1092 3146 1305 3222; x_wconf 88' lang='lat' dir='ltr'>continuare</span> <span class='ocrx_word' id='word_1_166' title='bbox 1339 3146 1480 3246; x_wconf 87' lang='lat' dir='ltr'>cogito,</span> <span class='ocrx_word' id='word_1_167' title='bbox 1515 3143 1682 3244; x_wconf 89' lang='lat' dir='ltr'>quamdiu</span> <span class='ocrx_word' id='word_1_168' title='bbox 1712 3170 1774 3225; x_wconf 90' lang='lat' dir='ltr'>res</span> <span class='ocrx_word' id='word_1_169' title='bbox 1804 3158 1879 3221; x_wconf 84' lang='lat' dir='ltr'>tra·</span> 
     </span>
     <span class='ocr_line' id='line_1_21' title="bbox 343 3257 1879 3372; baseline 0.007 -39"><span class='ocrx_word' id='word_1_170' title='bbox 343 3257 499 3335; x_wconf 86' lang='lat' dir='ltr'>ctandae</span> <span class='ocrx_word' id='word_1_171' title='bbox 525 3268 562 3338; x_wconf 85' lang='lat' dir='ltr'>et</span> <span class='ocrx_word' id='word_1_172' title='bbox 587 3260 689 3339; x_wconf 85' lang='lat' dir='ltr'>vires</span> <span class='ocrx_word' id='word_1_173' title='bbox 713 3285 817 3339; x_wconf 83' lang='lat' dir='ltr'>meae</span> <span class='ocrx_word' id='word_1_174' title='bbox 841 3264 1046 3361; x_wconf 88' lang='lat' dir='ltr'>sufficient,</span> <span class='ocrx_word' id='word_1_175' title='bbox 1072 3278 1110 3344; x_wconf 86' lang='lat' dir='ltr'>et</span> <span class='ocrx_word' id='word_1_176' title='bbox 1134 3268 1302 3368; x_wconf 89' lang='lat' dir='ltr'>quamdin</span> <span class='ocrx_word' id='word_1_177' title='bbox 1327 3293 1376 3345; x_wconf 85' lang='lat' dir='ltr'>ex</span> <span class='ocrx_word' id='word_1_178' title='bbox 1402 3269 1669 3345; x_wconf 85' lang='lat' dir='ltr'>divenditorum</span> <span class='ocrx_word' id='word_1_179' title='bbox 1693 3269 1879 3372; x_wconf 86' lang='lat' dir='ltr'>exempla·</span> 
     </span>
    </p>
   </div>
   <div class='ocr_carea' id='block_1_6' title="bbox 340 3378 1880 3581">
    <p class='ocr_par' dir='ltr' id='par_1_11' title="bbox 340 3378 1880 3581">
     <span class='ocr_line' id='line_1_22' title="bbox 341 3378 1880 3493; baseline 0.012 -41"><span class='ocrx_word' id='word_1_180' title='bbox 341 3378 430 3454; x_wconf 91' lang='lat' dir='ltr'>rium</span> <span class='ocrx_word' id='word_1_181' title='bbox 456 3405 616 3476; x_wconf 90' lang='lat' dir='ltr'>numero,</span> <span class='ocrx_word' id='word_1_182' title='bbox 642 3406 714 3459; x_wconf 94' lang='lat' dir='ltr'>non</span> <span class='ocrx_word' id='word_1_183' title='bbox 738 3386 875 3463; x_wconf 80' lang='lat' dir='ltr'>frustra</span> <span class='ocrx_word' id='word_1_184' title='bbox 899 3412 924 3463; x_wconf 91' lang='lat' dir='ltr'>a</span> <span class='ocrx_word' id='word_1_185' title='bbox 947 3414 1005 3467; x_wconf 91' lang='lat' dir='ltr'>me</span> <span class='ocrx_word' id='word_1_186' title='bbox 1030 3400 1169 3493; x_wconf 87' lang='lat' dir='ltr'>tempus</span> <span class='ocrx_word' id='word_1_187' title='bbox 1196 3402 1234 3470; x_wconf 89' lang='lat' dir='ltr'>et</span> <span class='ocrx_word' id='word_1_188' title='bbox 1258 3416 1406 3493; x_wconf 90' lang='lat' dir='ltr'>operam</span> <span class='ocrx_word' id='word_1_189' title='bbox 1429 3394 1486 3469; x_wconf 89' lang='lat' dir='ltr'>rei</span> <span class='ocrx_word' id='word_1_190' title='bbox 1511 3393 1743 3487; x_wconf 88' lang='lat' dir='ltr'>consecrari,</span> <span class='ocrx_word' id='word_1_191' title='bbox 1768 3394 1880 3470; x_wconf 89' lang='lat' dir='ltr'>mani·</span> 
     </span>
     <span class='ocr_line' id='line_1_23' title="bbox 340 3501 587 3581; baseline 0.012 -5"><span class='ocrx_word' id='word_1_192' title='bbox 340 3501 473 3580; x_wconf 79' lang='lat' dir='ltr'>festum</span> <span class='ocrx_word' id='word_1_193' title='bbox 507 3506 587 3581; x_wconf 85' lang='lat' dir='ltr'>erit.</span> 
     </span>
    </p>
   </div>
   <div class='ocr_carea' id='block_1_7' title="bbox 467 3700 1880 3800">
    <p class='ocr_par' dir='ltr' id='par_1_12' title="bbox 467 3700 1880 3800">
     <span class='ocr_line' id='line_1_24' title="bbox 467 3700 1880 3800; baseline 0.006 -24"><span class='ocrx_word' id='word_1_194' title='bbox 467 3700 623 3800; x_wconf 78' lang='lat' dir='ltr'>Scripsi</span> <span class='ocrx_word' id='word_1_195' title='bbox 645 3705 807 3782; x_wconf 83' lang='lat' dir='ltr'>Kiooioe</span> <span class='ocrx_word' id='word_1_196' title='bbox 822 3708 883 3781; x_wconf 83' lang='lat' dir='ltr'>dic</span> <span class='ocrx_word' id='word_1_197' title='bbox 900 3706 992 3785; x_wconf 79' lang='lat' dir='ltr'>XX.</span> <span class='ocrx_word' id='word_1_198' title='bbox 1009 3715 1148 3787; x_wconf 81' lang='lat' dir='ltr'>mensis</span> <span class='ocrx_word' id='word_1_199' title='bbox 1164 3711 1389 3788; x_wconf 80' lang='lat' dir='ltr'>Decembris</span> <span class='ocrx_word' id='word_1_200' title='bbox 1409 3718 1505 3790; x_wconf 80' lang='lat' dir='ltr'>carri</span> <span class='ocrx_word' id='word_1_201' title='bbox 1518 3712 1880 3791; x_wconf 79' lang='lat' dir='ltr'><strong><em>MDCCCXLIH.</em></strong></span> 
     </span>
    </p>
   </div>
   <div class='ocr_carea' id='block_1_8' title="bbox 1179 4133 1822 4251">
    <p class='ocr_par' dir='ltr' id='par_1_13' title="bbox 1179 4133 1822 4251">
     <span class='ocr_line' id='line_1_25' title="bbox 1179 4133 1822 4251; baseline -0.003 -32"><span class='ocrx_word' id='word_1_202' title='bbox 1179 4134 1262 4219; x_wconf 80' lang='lat' dir='ltr'>Dn.</span> <span class='ocrx_word' id='word_1_203' title='bbox 1294 4135 1346 4219; x_wconf 91' lang='lat' dir='ltr'>E.</span> <span class='ocrx_word' id='word_1_204' title='bbox 1378 4133 1433 4220; x_wconf 78' lang='lat' dir='ltr'>R.</span> <span class='ocrx_word' id='word_1_205' title='bbox 1467 4140 1822 4251; x_wconf 73' lang='lat' dir='ltr'>Taun‘rvennnn.</span> 
     </span>
    </p>
   </div>
   <div class='ocr_carea' id='block_1_9' title="bbox 0 0 2095 4980">
    <p class='ocr_par' dir='ltr' id='par_1_14' title="bbox 0 0 2095 4980">
     <span class='ocr_line' id='line_1_26' title="bbox 0 0 2095 4980; baseline 0 0"><span class='ocrx_word' id='word_1_206' title='bbox 0 0 2095 4980; x_wconf 95' lang='lat' dir='ltr'> </span> 
     </span>
    </p>
   </div>
  </div>
 </body>
</html>
