4134 4984
1007 450 1176 580 -1-2*

322 708 339 752 e
359 689 494 771 squamis
515 685 535 751 d
555 683 735 768 (rarissime
755 686 815 767 3),
836 685 1027 751 involuerum
1056 685 1207 768 duplicem
1229 685 1424 765 sistentibus,
1451 685 1582 767 primum
1612 685 1785 766 herbaceae,
1807 688 1864 751 de-

322 814 405 857 mum
428 792 762 875 carnoso-fungosae,
783 793 887 857 fuscae
906 796 958 857 vel
977 794 1275 870 violaceo-fuscae,
1298 792 1408 873 pruina
1427 792 1527 857 caesia
1547 799 1657 856 tectae:
1680 812 1822 875 squamae
1843 794 1865 858 3

321 900 485 963 interiores
505 900 642 978 fertiles,
663 902 730 964 basi
751 909 915 981 cannatae,
937 901 1075 965 emedio
1098 902 1214 965 liberae
1236 908 1266 963 et
1287 900 1499 982 divergentes,
1527 900 1612 979 apice
1633 899 1704 980 plus
1726 900 1864 964 minusve

321 1006 474 1085 reflexae3
497 1024 640 1087 squamae
661 1007 682 1070 3
703 1008 874 1071 exteriores
894 1027 960 1071 cum
982 1008 1178 1073 interioribus
1206 1007 1416 1082 alternantes,
1445 1006 1494 1067 val
1522 1004 1662 1082 fertiles,
1684 1006 1751 1069 basi
1771 1026 1865 1089 squa-

321 1111 381 1174 mis
402 1113 600 1177 interioribus
621 1113 766 1193 adnatae,
787 1135 805 1176 a
826 1113 926 1177 medio
948 1114 1085 1192 liberae,
1105 1148 1147 1158 -
1168 1116 1217 1177 vel
1237 1114 1361 1196 saepius
1382 1112 1522 1189 sterilae,
1545 1112 1682 1193 squamis
1703 1112 1865 1176 interiori-

319 1219 378 1281 bus
398 1219 437 1280 ad
458 1219 575 1299 apicem
598 1240 693 1304 usque
714 1221 851 1299 adnatae,
875 1221 1012 1303 margine
1033 1219 1165 1301 undique
1186 1219 1275 1280 valde
1298 1217 1483 1299 prominulo.
1528 1215 1704 1298 Oaryopses
1725 1219 1866 1298 plerum-

321 1345 379 1406 que
398 1325 438 1404 3,
459 1328 559 1390 rarius
582 1329 688 1410 plures
709 1328 767 1412 (ad
789 1327 847 1410 6),
869 1348 935 1391 cum
958 1328 1092 1409 squamis
1113 1324 1301 1389 arcestbidae
1322 1326 1528 1401 alternantes,
1553 1323 1864 1405 occides-pyrami-

321 1429 426 1511 datae,
459 1431 545 1513 apice
583 1434 768 1517 triquetrae,
794 1436 862 1498 basi
889 1452 1007 1497 massae
1039 1451 1170 1495 carnoso
1185 1467 1199 1479 -
1219 1430 1378 1513 fungosae,
1408 1448 1641 1511 esquamarum
1671 1430 1863 1492 concretione

323 1544 425 1616 ortae,
446 1536 625 1619 immersae,
646 1540 785 1605 emedio
807 1541 944 1619 liberae,
972 1537 1040 1602 basi
1069 1539 1211 1621 opangiis
1239 1535 1417 1620 (canalibus
1442 1534 1631 1618 resinileris)
1652 1536 1674 1598 4
1695 1537 1866 1618 longitudi-

320 1644 443 1706 nalilrus
463 1646 649 1725 instructae,
670 1646 846 1727 pericarpio
869 1646 1092 1722 crassiusculo,
1113 1644 1273 1707 subosseo.
1316 1644 1438 1706 Semina
1461 1644 1581 1706 evoluta
1603 1642 1675 1705 milri
1697 1643 1811 1726 ignota.
1827 1678 1863 1690 -

320 1751 428 1813 Planta
446 1750 552 1814 babitu
572 1752 722 1831 Junipero
744 1753 894 1814 communi
916 1750 958 1814 L.
981 1759 1010 1815 et
1028 1753 1059 1815 J.
1076 1751 1240 1833 Oxycedro
1259 1752 1296 1815 L.
1317 1753 1472 1832 proxima,
1494 1751 1547 1814 sed
1570 1750 1762 1813 arcestbidae
1781 1760 1866 1814 stru-

321 1865 407 1920 ctura
428 1856 637 1921 diversissima
659 1865 687 1922 et
707 1860 846 1939 generice
868 1859 906 1921 ab
928 1858 1069 1922 affinibus
1090 1858 1314 1939 distinguenda.
1362 1861 1511 1940 Squamae
1532 1860 1651 1921 fertiles
1673 1855 1865 1921 arcestbiclae

321 1971 442 2026 tantum*
465 1963 532 2025 basi
561 1966 708 2043 coalitae,
737 1986 756 2027 a
786 1966 886 2029 medio
916 1974 1015 2029 autem
1049 1985 1172 2045 semper
1197 1965 1331 2042 liberae,
1360 1965 1404 2027 ita
1425 1963 1562 2046 quidem,
1585 1972 1617 2026 ut
1638 1963 1866 2044 conspiciantur

322 2086 504 2152 caryopses,
526 2089 602 2151 quas
624 2070 793 2134 areestbida
812 2070 948 2135 includit.
989 2072 1071 2134 Hinc
1091 2070 1263 2134 arcestbida
1283 2079 1405 2152 aperta,
1426 2090 1480 2133 nec
1499 2071 1705 2150 pericarpium
1727 2074 1864 2153 spurium

323 2176 456 2259 undique
478 2180 613 2241 clausum
634 2178 763 2257 sistens,
785 2178 886 2245 media
906 2180 993 2260 quasi
1012 2180 1091 2241 inter
1111 2178 1225 2241 fructus
1246 2176 1389 2258 Juniperi
1414 2186 1443 2240 et
1463 2177 1599 2256 Thuiae,
1634 2177 1671 2239 ab
1693 2178 1758 2241 illis
1778 2198 1865 2242 rece-

323 2282 398 2347 dens
419 2285 553 2365 squamis
574 2284 700 2363 liberis,
731 2286 768 2348 ab
790 2287 838 2349 bis
860 2286 993 2368 squamis
1015 2285 1134 2349 demum
1156 2285 1470 2367 carnoso-lungosis.

447 2392 555 2454 Planta
575 2391 648 2455 baec
669 2392 699 2453 in
720 2392 854 2456 Tauriae
874 2392 974 2455 Horto
992 2391 1149 2455 Nikitensi
1169 2393 1225 2454 sub
1245 2393 1367 2454 nomine
1387 2391 1529 2472 Juniperi
1552 2393 1702 2473 oblongae
1723 2391 1768 2454 M.
1782 2390 1866 2455 Rieb.

326 2500 454 2575 colitur,
476 2517 601 2578 eamque
624 2496 776 2561 delineari
796 2496 836 2559 ad
857 2498 1028 2579 specimina
1049 2518 1068 2559 a
1088 2517 1136 2559 me
1158 2496 1190 2559 in
1210 2498 1300 2560 borto
1322 2495 1456 2561 indicato
1477 2501 1565 2562 lecta.
1586 2530 1628 2541 -
1648 2517 1762 2562 u-c.
1784 2517 1864 2561 arce·

326 2603 446 2666 sthidae
467 2602 584 2665 formae
603 2602 708 2664 variae
729 2623 769 2665 m.
791 2623 842 2680 n.;
863 2601 952 2689 -f,
974 2603 1133 2686 ceryopsis
1160 2624 1201 2666 m.
1222 2611 1303 2681 matr
1328 2637 1365 2649 -
1391 2624 1424 2690 9.
1446 2622 1611 2686 caryopses
1632 2604 1670 2682 3,
1693 2605 1761 2668 basi
1780 2623 1865 2667 mas-

329 2726 382 2770 sae
403 2707 736 2792 cernoso-t'ungosae,
758 2730 775 2772 e
796 2729 989 2791 squamarum
1012 2711 1203 2774 concretione
1225 2719 1325 2789 ortae,
1347 2710 1509 2774 immersae
1529 2729 1569 2772 ιιι.
1591 2718 1676 2784 nat.;
1700 2745 1738 2756 -
1760 2711 1790 2773 lr.
1812 2729 1866 2772 cn-

327 2815 454 2895 ryopsis
475 2814 543 2876 basi
562 2822 737 2879 transverse
757 2824 841 2878 seete
861 2836 903 2878 m.
925 2823 1023 2890 ntuetr
1047 2850 1085 2863 -
1114 2814 1137 2880 ι’.
1159 2817 1319 2898 caryopsis
1344 2816 1431 2896 apice
1458 2825 1631 2879 transverse
1654 2826 1736 2879 secta
1757 2836 1797 2880 nr.
1819 2837 1864 2891 a.;

326 2952 368 2964 -
389 2917 419 2981 lt.
449 2918 594 2982 loliorum
620 2922 787 2984 verticillus
816 2940 858 2986 ιιι.
884 2929 964 3000 net.;
990 2954 1032 2966 -
1061 2919 1083 2984 l.
1111 2920 1180 2985 folii
1207 2923 1291 2985 basis
1311 2940 1330 2982 a
1350 2924 1445 2984 latere
1467 2924 1626 3003 superiore
1648 2943 1688 2986 ιιι.
1710 2932 1805 2999 auct.3
1829 2960 1866 2972 -

327 3046 367 3089 ιιι.
388 3025 458 3089 folii
480 3026 563 3090 basis
584 3046 603 3089 a
623 3028 720 3090 latere
742 3026 889 3091 inferiore
909 3047 951 3091 ιιι.
974 3036 1053 3092 auct.

978 3269 1133 3368 ΤΑΒ.
1174 3268 1225 3367 7.

753 3475 996 3537 CUPRESSUS
1026 3473 1290 3536 ΑΜΕΒΙΟΑΝΑ.
1319 3485 1448 3530 usnunv.

457 3619 561 3686 Tduio
581 3583 714 3689 ercelao'
728 3619 838 3690 Borrass
866 3621 978 3688 Odere.
1004 3642 1061 3687 eur
1091 3621 1124 3687 lo
1148 3622 1246 3708 oe'th.
1272 3622 1310 3686 de
1339 3621 1465 3701 siecle,
1492 3622 1550 3688 io:
1570 3622 1665 3688 Me'm.
1687 3624 1724 3688 de
1746 3623 1867 3691 l’Acud.
1934 3588 1938 3593 ᾖ

329 3727 408 3810 Imp.
429 3728 484 3793 dea
505 3726 558 3792 Sc.
579 3730 617 3793 de
638 3729 834 3796 sereneo.
863 3730 916 3796 VI.
931 3730 1002 3796 Ser.
1015 3729 1187 3807 dumella,
1205 3729 1339 3811 plepem
1352 3733 1456 3794 autur.
1484 3725 1581 3794 Τ.ΙΙ.
1603 3729 1676 3795 lior.
1686 3730 1724 3794 2.
1742 3751 1775 3813 p.
1786 3732 1866 3796 164.

451 3874 567 3927 Habltat
586 3876 614 3926 in
634 3877 727 3928 insula
746 3878 851 3930 Sitclrn.

451 4007 541 4071 Remi
563 4007 682 4070 demum
705 4007 821 4089 sparsi,
852 4005 995 4087 foliisque
1022 4004 1158 4087 delapsis
1176 4015 1315 4084 teretes,
1343 4003 1439 4083 fusci,
1466 4009 1587 4080 laeves3
1617 4009 1727 4072 ramuli
1755 4011 1869 4074 novelli

330 4112 567 4191 confertissimi,
588 4112 720 4191 alterni,
742 4112 881 4189 distichi,
902 4109 985 4175 foliis
1007 4109 1099 4174 dense
1120 4113 1286 4177 4-sariam
1312 4113 1479 4176 imbricatis
1505 4116 1699 4196 tetraquetri,
1723 4114 1792 4179 dein
1815 4117 1868 4179 rix

331 4221 512 4296 compressi.
554 4220 642 4281 Folia
664 4219 827 4299 opposita,
858 4218 952 4279 dense
984 4217 1202 4298 quadrifariam
1233 4220 1412 4291 imbricata,
1443 4218 1607 4299 adpressa,
1629 4230 1738 4299 orata,
1760 4232 1866 4297 accita,
