<?xml version="1.0" encoding="UTF-8"?>
<!DOCTYPE html PUBLIC "-//W3C//DTD XHTML 1.0 Transitional//EN"
    "http://www.w3.org/TR/xhtml1/DTD/xhtml1-transitional.dtd">
<html xmlns="http://www.w3.org/1999/xhtml" xml:lang="en" lang="en">
 <head>
  <title>
</title>
<meta http-equiv="Content-Type" content="text/html;charset=utf-8" />
  <meta name='ocr-system' content='tesseract 3.04.00' />
  <meta name='ocr-capabilities' content='ocr_page ocr_carea ocr_par ocr_line ocrx_word'/>
</head>
<body>
  <div class='ocr_page' id='page_1' title='image "./plantarumimagin00traugoog_0010.png"; bbox 0 0 4134 4984; ppageno 0'>
   <div class='ocr_carea' id='block_1_1' title="bbox 651 1139 1283 1277">
    <p class='ocr_par' dir='ltr' id='par_1_1' title="bbox 651 1139 1283 1277">
     <span class='ocr_line' id='line_1_1' title="bbox 651 1139 1283 1277; baseline 0.014 -9"><span class='ocrx_word' id='word_1_1' title='bbox 651 1139 1283 1277; x_wconf 86' lang='lat' dir='ltr'><strong>PROOEMIUM.</strong></span> 
     </span>
    </p>
   </div>
   <div class='ocr_carea' id='block_1_2' title="bbox 882 1465 1049 1476">
    <p class='ocr_par' dir='ltr' id='par_1_2' title="bbox 882 1465 1049 1476">
     <span class='ocr_line' id='line_1_2' title="bbox 882 1465 1049 1476; baseline 0.006 -1"><span class='ocrx_word' id='word_1_2' title='bbox 882 1465 1049 1476; x_wconf 73' lang='grc' dir='ltr'><strong>ι--..-..</strong></span> 
     </span>
    </p>
   </div>
   <div class='ocr_carea' id='block_1_3' title="bbox 190 1720 1740 2342">
    <p class='ocr_par' dir='ltr' id='par_1_3' title="bbox 190 1720 1740 2342">
     <span class='ocr_line' id='line_1_3' title="bbox 347 1720 1740 1849; baseline 0.007 -30"><span class='ocrx_word' id='word_1_3' title='bbox 347 1720 481 1820; x_wconf 78' lang='lat' dir='ltr'><strong>Editio</strong></span> <span class='ocrx_word' id='word_1_4' title='bbox 508 1743 648 1845; x_wconf 86' lang='lat' dir='ltr'><strong>operis,</strong></span> <span class='ocrx_word' id='word_1_5' title='bbox 674 1742 781 1819; x_wconf 87' lang='lat' dir='ltr'><strong>diviti</strong></span> <span class='ocrx_word' id='word_1_6' title='bbox 805 1744 1006 1843; x_wconf 85' lang='lat' dir='ltr'><strong>variaeque</strong></span> <span class='ocrx_word' id='word_1_7' title='bbox 1031 1758 1070 1822; x_wconf 86' lang='lat' dir='ltr'><strong>et</strong></span> <span class='ocrx_word' id='word_1_8' title='bbox 1096 1746 1309 1846; x_wconf 87' lang='lat' dir='ltr'><strong>quibusdam</strong></span> <span class='ocrx_word' id='word_1_9' title='bbox 1333 1747 1534 1827; x_wconf 88' lang='lat' dir='ltr'><strong>rationibus</strong></span> <span class='ocrx_word' id='word_1_10' title='bbox 1558 1752 1740 1849; x_wconf 85' lang='lat' dir='ltr'><strong>singulari</strong></span> 
     </span>
     <span class='ocr_line' id='line_1_4' title="bbox 193 1867 1739 1975; baseline 0.004 -29"><span class='ocrx_word' id='word_1_11' title='bbox 193 1870 333 1946; x_wconf 76' lang='lat' dir='ltr'><strong>Florae</strong></span> <span class='ocrx_word' id='word_1_12' title='bbox 356 1869 496 1967; x_wconf 89' lang='lat' dir='ltr'><strong>imperii</strong></span> <span class='ocrx_word' id='word_1_13' title='bbox 520 1869 671 1944; x_wconf 84' lang='lat' dir='ltr'><strong>Russici</strong></span> <span class='ocrx_word' id='word_1_14' title='bbox 694 1867 936 1945; x_wconf 77' lang='lat' dir='ltr'><strong>illustrandae</strong></span> <span class='ocrx_word' id='word_1_15' title='bbox 961 1870 1153 1965; x_wconf 89' lang='lat' dir='ltr'><strong>destinati,</strong></span> <span class='ocrx_word' id='word_1_16' title='bbox 1180 1896 1252 1947; x_wconf 94' lang='lat' dir='ltr'><strong>non</strong></span> <span class='ocrx_word' id='word_1_17' title='bbox 1278 1884 1346 1968; x_wconf 85' lang='lat' dir='ltr'><strong>est,</strong></span> <span class='ocrx_word' id='word_1_18' title='bbox 1373 1874 1512 1975; x_wconf 81' lang='lat' dir='ltr'><strong>opinor,</strong></span> <span class='ocrx_word' id='word_1_19' title='bbox 1544 1875 1641 1973; x_wconf 91' lang='lat' dir='ltr'><strong>quod</strong></span> <span class='ocrx_word' id='word_1_20' title='bbox 1667 1901 1739 1952; x_wconf 89' lang='lat' dir='ltr'><strong>ex·</strong></span> 
     </span>
     <span class='ocr_line' id='line_1_5' title="bbox 194 1990 1740 2091; baseline 0.003 -20"><span class='ocrx_word' id='word_1_21' title='bbox 194 2004 353 2071; x_wconf 84' lang='lat' dir='ltr'><strong>cusetur.</strong></span> <span class='ocrx_word' id='word_1_22' title='bbox 379 1991 484 2082; x_wconf 81' lang='lat' dir='ltr'><strong>Quae</strong></span> <span class='ocrx_word' id='word_1_23' title='bbox 509 1990 621 2090; x_wconf 90' lang='lat' dir='ltr'><strong>igitur</strong></span> <span class='ocrx_word' id='word_1_24' title='bbox 651 1992 893 2091; x_wconf 79' lang='lat' dir='ltr'>subjiciantur</span> <span class='ocrx_word' id='word_1_25' title='bbox 926 1997 1053 2088; x_wconf 86' lang='lat' dir='ltr'><strong>verba,</strong></span> <span class='ocrx_word' id='word_1_26' title='bbox 1080 1998 1196 2072; x_wconf 76' lang='lat' dir='ltr'><strong>uultus</strong></span> <span class='ocrx_word' id='word_1_27' title='bbox 1222 2000 1473 2074; x_wconf 74' lang='lat' dir='ltr'><strong>excusationis</strong></span> <span class='ocrx_word' id='word_1_28' title='bbox 1500 2024 1615 2075; x_wconf 89' lang='lat' dir='ltr'><strong>causa</strong></span> <span class='ocrx_word' id='word_1_29' title='bbox 1640 2001 1740 2076; x_wconf 85' lang='lat' dir='ltr'><strong>dicta</strong></span> 
     </span>
     <span class='ocr_line' id='line_1_6' title="bbox 192 2120 1738 2224; baseline 0.001 -26"><span class='ocrx_word' id='word_1_30' title='bbox 192 2133 320 2215; x_wconf 87' lang='lat' dir='ltr'><strong>erunt,</strong></span> <span class='ocrx_word' id='word_1_31' title='bbox 353 2120 424 2196; x_wconf 90' lang='lat' dir='ltr'><strong>sed</strong></span> <span class='ocrx_word' id='word_1_32' title='bbox 453 2120 575 2220; x_wconf 83' lang='lat' dir='ltr'><strong>potins</strong></span> <span class='ocrx_word' id='word_1_33' title='bbox 606 2121 782 2197; x_wconf 89' lang='lat' dir='ltr'><strong>rationem</strong></span> <span class='ocrx_word' id='word_1_34' title='bbox 819 2131 1025 2221; x_wconf 84' lang='lat' dir='ltr'><strong>exponent,</strong></span> <span class='ocrx_word' id='word_1_35' title='bbox 1040 2146 1156 2219; x_wconf 85' lang='lat' dir='ltr'><strong>quam</strong></span> <span class='ocrx_word' id='word_1_36' title='bbox 1179 2124 1217 2197; x_wconf 89' lang='lat' dir='ltr'><strong>in</strong></span> <span class='ocrx_word' id='word_1_37' title='bbox 1244 2124 1493 2223; x_wconf 87' lang='lat' dir='ltr'><strong>componendo</strong></span> <span class='ocrx_word' id='word_1_38' title='bbox 1520 2147 1633 2224; x_wconf 87' lang='lat' dir='ltr'><strong>opere</strong></span> <span class='ocrx_word' id='word_1_39' title='bbox 1658 2148 1738 2200; x_wconf 90' lang='lat' dir='ltr'><strong>meo</strong></span> 
     </span>
     <span class='ocr_line' id='line_1_7' title="bbox 190 2269 337 2342; baseline -0.02 -21"><span class='ocrx_word' id='word_1_40' title='bbox 190 2269 337 2342; x_wconf 88' lang='lat' dir='ltr'><strong>sequar.</strong></span> 
     </span>
    </p>
   </div>
   <div class='ocr_carea' id='block_1_4' title="bbox 187 2442 1739 3779">
    <p class='ocr_par' dir='ltr' id='par_1_4' title="bbox 187 2442 1739 3779">
     <span class='ocr_line' id='line_1_8' title="bbox 343 2442 1738 2546; baseline 0.002 -29"><span class='ocrx_word' id='word_1_41' title='bbox 343 2442 459 2533; x_wconf 77' lang='lat' dir='ltr'><strong>Quium</strong></span> <span class='ocrx_word' id='word_1_42' title='bbox 484 2467 653 2520; x_wconf 89' lang='lat' dir='ltr'><strong>numerus</strong></span> <span class='ocrx_word' id='word_1_43' title='bbox 679 2443 881 2545; x_wconf 73' lang='lat' dir='ltr'><strong>plantarunt</strong></span> <span class='ocrx_word' id='word_1_44' title='bbox 906 2454 1069 2520; x_wconf 89' lang='lat' dir='ltr'><strong>notarum</strong></span> <span class='ocrx_word' id='word_1_45' title='bbox 1096 2455 1133 2522; x_wconf 88' lang='lat' dir='ltr'><strong>et</strong></span> <span class='ocrx_word' id='word_1_46' title='bbox 1160 2453 1397 2546; x_wconf 87' lang='lat' dir='ltr'><strong>cognatarum</strong></span> <span class='ocrx_word' id='word_1_47' title='bbox 1420 2444 1554 2544; x_wconf 91' lang='lat' dir='ltr'><strong>ingens</strong></span> <span class='ocrx_word' id='word_1_48' title='bbox 1578 2444 1638 2538; x_wconf 87' lang='lat' dir='ltr'><strong>sit,</strong></span> <span class='ocrx_word' id='word_1_49' title='bbox 1660 2449 1738 2545; x_wconf 85' lang='lat' dir='ltr'><strong>jam</strong></span> 
     </span>
     <span class='ocr_line' id='line_1_9' title="bbox 191 2566 1737 2669; baseline 0.003 -30"><span class='ocrx_word' id='word_1_50' title='bbox 191 2569 295 2643; x_wconf 86' lang='lat' dir='ltr'><strong>solas</strong></span> <span class='ocrx_word' id='word_1_51' title='bbox 320 2566 611 2668; x_wconf 80' lang='lat' dir='ltr'><strong>descriptiones,</strong></span> <span class='ocrx_word' id='word_1_52' title='bbox 638 2567 768 2645; x_wconf 88' lang='lat' dir='ltr'><strong>nedum</strong></span> <span class='ocrx_word' id='word_1_53' title='bbox 794 2569 1007 2668; x_wconf 75' lang='lat' dir='ltr'><strong>diagnoseS,</strong></span> <span class='ocrx_word' id='word_1_54' title='bbox 1033 2571 1081 2644; x_wconf 89' lang='lat' dir='ltr'><strong>ad</strong></span> <span class='ocrx_word' id='word_1_55' title='bbox 1106 2570 1255 2669; x_wconf 90' lang='lat' dir='ltr'><strong>species</strong></span> <span class='ocrx_word' id='word_1_56' title='bbox 1283 2576 1384 2643; x_wconf 87' lang='lat' dir='ltr'><strong>certo</strong></span> <span class='ocrx_word' id='word_1_57' title='bbox 1411 2567 1639 2643; x_wconf 85' lang='lat' dir='ltr'><strong>definiendas</strong></span> <span class='ocrx_word' id='word_1_58' title='bbox 1664 2592 1737 2643; x_wconf 88' lang='lat' dir='ltr'><strong>non</strong></span> 
     </span>
     <span class='ocr_line' id='line_1_10' title="bbox 193 2689 1738 2791; baseline 0.003 -28"><span class='ocrx_word' id='word_1_59' title='bbox 193 2689 368 2767; x_wconf 87' lang='lat' dir='ltr'><strong>sufficere</strong></span> <span class='ocrx_word' id='word_1_60' title='bbox 394 2690 532 2791; x_wconf 89' lang='lat' dir='ltr'><strong>pridem</strong></span> <span class='ocrx_word' id='word_1_61' title='bbox 556 2701 799 2790; x_wconf 86' lang='lat' dir='ltr'><strong>agnoverunt.</strong></span> <span class='ocrx_word' id='word_1_62' title='bbox 835 2691 1011 2768; x_wconf 81' lang='lat' dir='ltr'><strong>Profecto</strong></span> <span class='ocrx_word' id='word_1_63' title='bbox 1036 2691 1147 2766; x_wconf 92' lang='lat' dir='ltr'><strong>multo</strong></span> <span class='ocrx_word' id='word_1_64' title='bbox 1172 2690 1321 2768; x_wconf 86' lang='lat' dir='ltr'><strong>facilius</strong></span> <span class='ocrx_word' id='word_1_65' title='bbox 1346 2691 1565 2767; x_wconf 86' lang='lat' dir='ltr'><strong>deliniuntur</strong></span> <span class='ocrx_word' id='word_1_66' title='bbox 1588 2690 1738 2791; x_wconf 88' lang='lat' dir='ltr'><strong>plantae</strong></span> 
     </span>
     <span class='ocr_line' id='line_1_11' title="bbox 192 2812 1737 2914; baseline -0.001 -25"><span class='ocrx_word' id='word_1_67' title='bbox 192 2812 356 2889; x_wconf 88' lang='lat' dir='ltr'><strong>adhibita</strong></span> <span class='ocrx_word' id='word_1_68' title='bbox 381 2813 650 2914; x_wconf 87' lang='lat' dir='ltr'><strong>comparatione</strong></span> <span class='ocrx_word' id='word_1_69' title='bbox 673 2815 867 2914; x_wconf 89' lang='lat' dir='ltr'><strong>imaginum</strong></span> <span class='ocrx_word' id='word_1_70' title='bbox 891 2827 994 2892; x_wconf 89' lang='lat' dir='ltr'><strong>reete</strong></span> <span class='ocrx_word' id='word_1_71' title='bbox 1019 2814 1215 2907; x_wconf 79' lang='lat' dir='ltr'><strong>factarum,</strong></span> <span class='ocrx_word' id='word_1_72' title='bbox 1247 2839 1341 2913; x_wconf 91' lang='lat' dir='ltr'><strong>quae</strong></span> <span class='ocrx_word' id='word_1_73' title='bbox 1365 2814 1470 2890; x_wconf 86' lang='lat' dir='ltr'><strong>solae</strong></span> <span class='ocrx_word' id='word_1_74' title='bbox 1496 2814 1614 2888; x_wconf 91' lang='lat' dir='ltr'><strong>animo</strong></span> <span class='ocrx_word' id='word_1_75' title='bbox 1640 2813 1737 2890; x_wconf 87' lang='lat' dir='ltr'><strong>tales</strong></span> 
     </span>
     <span class='ocr_line' id='line_1_12' title="bbox 193 2937 1736 3038; baseline 0.003 -29"><span class='ocrx_word' id='word_1_76' title='bbox 193 2947 476 3036; x_wconf 88' lang='lat' dir='ltr'><strong>repraesentare</strong></span> <span class='ocrx_word' id='word_1_77' title='bbox 500 2946 655 3038; x_wconf 87' lang='lat' dir='ltr'><strong>possunt</strong></span> <span class='ocrx_word' id='word_1_78' title='bbox 679 2937 845 3038; x_wconf 85' lang='lat' dir='ltr'><strong>plautas,</strong></span> <span class='ocrx_word' id='word_1_79' title='bbox 872 2939 1001 3037; x_wconf 88' lang='lat' dir='ltr'><strong>quales</strong></span> <span class='ocrx_word' id='word_1_80' title='bbox 1025 2947 1130 3030; x_wconf 89' lang='lat' dir='ltr'><strong>sunt,</strong></span> <span class='ocrx_word' id='word_1_81' title='bbox 1156 2963 1262 3036; x_wconf 89' lang='lat' dir='ltr'><strong>quum</strong></span> <span class='ocrx_word' id='word_1_82' title='bbox 1286 2941 1397 3013; x_wconf 85' lang='lat' dir='ltr'><strong>vivas</strong></span> <span class='ocrx_word' id='word_1_83' title='bbox 1429 2960 1495 3012; x_wconf 86' lang='lat' dir='ltr'><strong>eas</strong></span> <span class='ocrx_word' id='word_1_84' title='bbox 1520 2947 1583 3012; x_wconf 88' lang='lat' dir='ltr'><strong>aut</strong></span> <span class='ocrx_word' id='word_1_85' title='bbox 1609 2941 1736 3014; x_wconf 86' lang='lat' dir='ltr'><strong>sicca·</strong></span> 
     </span>
     <span class='ocr_line' id='line_1_13' title="bbox 191 3058 1736 3163; baseline 0.002 -30"><span class='ocrx_word' id='word_1_86' title='bbox 191 3069 251 3133; x_wconf 88' lang='lat' dir='ltr'><strong>tas</strong></span> <span class='ocrx_word' id='word_1_87' title='bbox 275 3058 429 3135; x_wconf 83' lang='lat' dir='ltr'><strong>videndi</strong></span> <span class='ocrx_word' id='word_1_88' title='bbox 460 3063 568 3160; x_wconf 90' lang='lat' dir='ltr'><strong>copia</strong></span> <span class='ocrx_word' id='word_1_89' title='bbox 596 3060 733 3137; x_wconf 86' lang='lat' dir='ltr'><strong>delicit.</strong></span> <span class='ocrx_word' id='word_1_90' title='bbox 791 3060 931 3151; x_wconf 83' lang='lat' dir='ltr'><strong>Quodsi</strong></span> <span class='ocrx_word' id='word_1_91' title='bbox 956 3063 1157 3161; x_wconf 81' lang='lat' dir='ltr'><strong>imagines,</strong></span> <span class='ocrx_word' id='word_1_92' title='bbox 1189 3060 1335 3163; x_wconf 85' lang='lat' dir='ltr'><strong>plantas</strong></span> <span class='ocrx_word' id='word_1_93' title='bbox 1371 3061 1552 3137; x_wconf 82' lang='lat' dir='ltr'><strong>Russicas</strong></span> <span class='ocrx_word' id='word_1_94' title='bbox 1582 3083 1736 3160; x_wconf 87' lang='lat' dir='ltr'><strong>reprae-</strong></span> 
     </span>
     <span class='ocr_line' id='line_1_14' title="bbox 189 3183 1739 3286; baseline 0.001 -31"><span class='ocrx_word' id='word_1_95' title='bbox 189 3192 401 3276; x_wconf 64' lang='lat' dir='ltr'><strong>sentences,</strong></span> <span class='ocrx_word' id='word_1_96' title='bbox 437 3208 516 3261; x_wconf 89' lang='lat' dir='ltr'><strong>cum</strong></span> <span class='ocrx_word' id='word_1_97' title='bbox 539 3185 681 3283; x_wconf 82' lang='lat' dir='ltr'><strong>ingenti</strong></span> <span class='ocrx_word' id='word_1_98' title='bbox 712 3184 938 3261; x_wconf 88' lang='lat' dir='ltr'><strong>multitudine</strong></span> <span class='ocrx_word' id='word_1_99' title='bbox 969 3185 1205 3286; x_wconf 81' lang='lat' dir='ltr'><strong>peculiarium</strong></span> <span class='ocrx_word' id='word_1_100' title='bbox 1235 3184 1453 3285; x_wconf 89' lang='lat' dir='ltr'><strong>plantarum,</strong></span> <span class='ocrx_word' id='word_1_101' title='bbox 1484 3207 1575 3282; x_wconf 90' lang='lat' dir='ltr'><strong>quas</strong></span> <span class='ocrx_word' id='word_1_102' title='bbox 1600 3183 1739 3260; x_wconf 74' lang='lat' dir='ltr'><strong>nussia</strong></span> 
     </span>
     <span class='ocr_line' id='line_1_15' title="bbox 190 3306 1735 3412; baseline -0.008 -19"><span class='ocrx_word' id='word_1_103' title='bbox 190 3314 272 3406; x_wconf 88' lang='lat' dir='ltr'><strong>alit,</strong></span> <span class='ocrx_word' id='word_1_104' title='bbox 299 3334 565 3412; x_wconf 84' lang='lat' dir='ltr'><strong>comparamus,</strong></span> <span class='ocrx_word' id='word_1_105' title='bbox 592 3318 872 3409; x_wconf 87' lang='lat' dir='ltr'><strong>reputamusque</strong></span> <span class='ocrx_word' id='word_1_106' title='bbox 899 3306 1169 3399; x_wconf 87' lang='lat' dir='ltr'><strong>difficultatem,</strong></span> <span class='ocrx_word' id='word_1_107' title='bbox 1208 3331 1280 3405; x_wconf 89' lang='lat' dir='ltr'><strong>qua</strong></span> <span class='ocrx_word' id='word_1_108' title='bbox 1305 3331 1355 3383; x_wconf 86' lang='lat' dir='ltr'><strong>ex</strong></span> <span class='ocrx_word' id='word_1_109' title='bbox 1380 3308 1632 3401; x_wconf 84' lang='lat' dir='ltr'><strong>remotioribus</strong></span> <span class='ocrx_word' id='word_1_110' title='bbox 1667 3308 1735 3381; x_wconf 90' lang='lat' dir='ltr'><strong>im-</strong></span> 
     </span>
     <span class='ocr_line' id='line_1_16' title="bbox 189 3427 1732 3543; baseline -0.01 -27"><span class='ocrx_word' id='word_1_111' title='bbox 189 3439 285 3543; x_wconf 89' lang='lat' dir='ltr'><strong>perii</strong></span> <span class='ocrx_word' id='word_1_112' title='bbox 318 3435 417 3511; x_wconf 86' lang='lat' dir='ltr'><strong>illius</strong></span> <span class='ocrx_word' id='word_1_113' title='bbox 449 3433 614 3534; x_wconf 86' lang='lat' dir='ltr'><strong>partibus</strong></span> <span class='ocrx_word' id='word_1_114' title='bbox 650 3432 815 3529; x_wconf 90' lang='lat' dir='ltr'><strong>conquiri</strong></span> <span class='ocrx_word' id='word_1_115' title='bbox 850 3440 1005 3531; x_wconf 89' lang='lat' dir='ltr'><strong>possunt</strong></span> <span class='ocrx_word' id='word_1_116' title='bbox 1040 3428 1205 3529; x_wconf 89' lang='lat' dir='ltr'><strong>plantae,</strong></span> <span class='ocrx_word' id='word_1_117' title='bbox 1240 3429 1434 3504; x_wconf 78' lang='lat' dir='ltr'><strong>manifesta</strong></span> <span class='ocrx_word' id='word_1_118' title='bbox 1467 3427 1614 3505; x_wconf 90' lang='lat' dir='ltr'><strong>videtur</strong></span> <span class='ocrx_word' id='word_1_119' title='bbox 1646 3451 1732 3503; x_wconf 89' lang='lat' dir='ltr'><strong>esse</strong></span> 
     </span>
     <span class='ocr_line' id='line_1_17' title="bbox 188 3550 1732 3659; baseline -0.012 -20"><span class='ocrx_word' id='word_1_120' title='bbox 188 3563 329 3639; x_wconf 88' lang='lat' dir='ltr'><strong>utilitas</strong></span> <span class='ocrx_word' id='word_1_121' title='bbox 356 3558 480 3659; x_wconf 89' lang='lat' dir='ltr'><strong>operis</strong></span> <span class='ocrx_word' id='word_1_122' title='bbox 505 3554 660 3656; x_wconf 87' lang='lat' dir='ltr'><strong>explere</strong></span> <span class='ocrx_word' id='word_1_123' title='bbox 687 3555 856 3631; x_wconf 87' lang='lat' dir='ltr'><strong>conantis</strong></span> <span class='ocrx_word' id='word_1_124' title='bbox 887 3577 1053 3652; x_wconf 89' lang='lat' dir='ltr'><strong>magnam</strong></span> <span class='ocrx_word' id='word_1_125' title='bbox 1082 3553 1188 3625; x_wconf 88' lang='lat' dir='ltr'><strong>istam</strong></span> <span class='ocrx_word' id='word_1_126' title='bbox 1211 3550 1395 3643; x_wconf 91' lang='lat' dir='ltr'><strong>lacunam,</strong></span> <span class='ocrx_word' id='word_1_127' title='bbox 1422 3551 1578 3647; x_wconf 87' lang='lat' dir='ltr'><strong>quaein</strong></span> <span class='ocrx_word' id='word_1_128' title='bbox 1604 3550 1732 3648; x_wconf 85' lang='lat' dir='ltr'><strong>expri-</strong></span> 
     </span>
     <span class='ocr_line' id='line_1_18' title="bbox 187 3668 1733 3779; baseline -0.013 -16"><span class='ocrx_word' id='word_1_129' title='bbox 187 3685 332 3763; x_wconf 81' lang='lat' dir='ltr'><strong>mendis</strong></span> <span class='ocrx_word' id='word_1_130' title='bbox 356 3680 515 3759; x_wconf 84' lang='lat' dir='ltr'><strong>Russiae</strong></span> <span class='ocrx_word' id='word_1_131' title='bbox 540 3678 741 3779; x_wconf 89' lang='lat' dir='ltr'><strong>plautarmn</strong></span> <span class='ocrx_word' id='word_1_132' title='bbox 765 3677 981 3778; x_wconf 85' lang='lat' dir='ltr'><strong>irnaginibus</strong></span> <span class='ocrx_word' id='word_1_133' title='bbox 1007 3674 1128 3750; x_wconf 90' lang='lat' dir='ltr'><strong>adhuc</strong></span> <span class='ocrx_word' id='word_1_134' title='bbox 1153 3683 1286 3750; x_wconf 83' lang='lat' dir='ltr'><strong>exstat.</strong></span> <span class='ocrx_word' id='word_1_135' title='bbox 1314 3672 1421 3765; x_wconf 80' lang='lat' dir='ltr'><strong>Quod</strong></span> <span class='ocrx_word' id='word_1_136' title='bbox 1448 3668 1635 3748; x_wconf 87' lang='lat' dir='ltr'><strong>consilium</strong></span> <span class='ocrx_word' id='word_1_137' title='bbox 1660 3669 1733 3744; x_wconf 88' lang='lat' dir='ltr'><strong>hoc</strong></span> 
     </span>
    </p>
   </div>
   <div class='ocr_carea' id='block_1_5' title="bbox 188 3804 710 3910">
    <p class='ocr_par' dir='ltr' id='par_1_5' title="bbox 188 3804 710 3910">
     <span class='ocr_line' id='line_1_19' title="bbox 188 3804 710 3910; baseline -0.019 -25"><span class='ocrx_word' id='word_1_138' title='bbox 188 3832 304 3910; x_wconf 87' lang='lat' dir='ltr'><strong>opere</strong></span> <span class='ocrx_word' id='word_1_139' title='bbox 331 3805 507 3902; x_wconf 89' lang='lat' dir='ltr'><strong>consequi</strong></span> <span class='ocrx_word' id='word_1_140' title='bbox 539 3804 710 3880; x_wconf 85' lang='lat' dir='ltr'><strong>conabor.</strong></span> 
     </span>
    </p>
   </div>
   <div class='ocr_carea' id='block_1_6' title="bbox 187 3985 1731 4226">
    <p class='ocr_par' dir='ltr' id='par_1_6' title="bbox 187 3985 1731 4226">
     <span class='ocr_line' id='line_1_20' title="bbox 339 3985 1729 4102; baseline -0.012 -21"><span class='ocrx_word' id='word_1_141' title='bbox 339 4005 419 4081; x_wconf 74' lang='lat' dir='ltr'><strong>aas</strong></span> <span class='ocrx_word' id='word_1_142' title='bbox 444 4024 535 4077; x_wconf 85' lang='lat' dir='ltr'><strong>vero</strong></span> <span class='ocrx_word' id='word_1_143' title='bbox 562 4000 668 4076; x_wconf 91' lang='lat' dir='ltr'><strong>modo</strong></span> <span class='ocrx_word' id='word_1_144' title='bbox 694 4000 838 4101; x_wconf 84' lang='lat' dir='ltr'><strong>plantas</strong></span> <span class='ocrx_word' id='word_1_145' title='bbox 866 4000 1078 4102; x_wconf 81' lang='lat' dir='ltr'><strong>depingam,</strong></span> <span class='ocrx_word' id='word_1_146' title='bbox 1105 4021 1268 4096; x_wconf 89' lang='lat' dir='ltr'><strong>quarum,</strong></span> <span class='ocrx_word' id='word_1_147' title='bbox 1300 3993 1396 4091; x_wconf 90' lang='lat' dir='ltr'><strong>quod</strong></span> <span class='ocrx_word' id='word_1_148' title='bbox 1421 3989 1556 4078; x_wconf 90' lang='lat' dir='ltr'><strong>sciam,</strong></span> <span class='ocrx_word' id='word_1_149' title='bbox 1583 3985 1729 4065; x_wconf 88' lang='lat' dir='ltr'><strong>nullae·</strong></span> 
     </span>
     <span class='ocr_line' id='line_1_21' title="bbox 187 4109 1731 4226; baseline -0.014 -19"><span class='ocrx_word' id='word_1_150' title='bbox 187 4132 274 4207; x_wconf 94' lang='lat' dir='ltr'><strong>dum</strong></span> <span class='ocrx_word' id='word_1_151' title='bbox 303 4130 429 4205; x_wconf 83' lang='lat' dir='ltr'><strong>sactae</strong></span> <span class='ocrx_word' id='word_1_152' title='bbox 459 4128 533 4202; x_wconf 88' lang='lat' dir='ltr'><strong>sint</strong></span> <span class='ocrx_word' id='word_1_153' title='bbox 563 4126 763 4226; x_wconf 88' lang='lat' dir='ltr'><strong>imagines,</strong></span> <span class='ocrx_word' id='word_1_154' title='bbox 799 4134 861 4200; x_wconf 89' lang='lat' dir='ltr'><strong>aut</strong></span> <span class='ocrx_word' id='word_1_155' title='bbox 895 4124 1024 4200; x_wconf 88' lang='lat' dir='ltr'><strong>saltem</strong></span> <span class='ocrx_word' id='word_1_156' title='bbox 1057 4147 1130 4198; x_wconf 92' lang='lat' dir='ltr'><strong>non</strong></span> <span class='ocrx_word' id='word_1_157' title='bbox 1161 4121 1328 4197; x_wconf 88' lang='lat' dir='ltr'><strong>idoneae.</strong></span> <span class='ocrx_word' id='word_1_158' title='bbox 1379 4114 1584 4188; x_wconf 89' lang='lat' dir='ltr'><strong>Praeterea</strong></span> <span class='ocrx_word' id='word_1_159' title='bbox 1606 4109 1731 4186; x_wconf 84' lang='lat' dir='ltr'><strong>talium</strong></span> 
     </span>
    </p>
   </div>
   <div class='ocr_carea' id='block_1_7' title="bbox 0 0 2072 4984">
    <p class='ocr_par' dir='ltr' id='par_1_7' title="bbox 0 0 2072 4984">
     <span class='ocr_line' id='line_1_22' title="bbox 0 0 2072 4984; baseline 0 4"><span class='ocrx_word' id='word_1_160' title='bbox 0 0 2072 4984; x_wconf 95' lang='lat' dir='ltr'><strong> </strong></span> 
     </span>
    </p>
   </div>
  </div>
 </body>
</html>
